<?xml version="1.0" encoding="UTF-8"?>
<SOAP-ENV:Envelope xmlns:SOAP-ENV="http://schemas.xmlsoap.org/soap/envelope/" xmlns:of="http://oss.dbc.dk/ns/openformat" xmlns:ofo="http://oss.dbc.dk/ns/openformatoutput"><SOAP-ENV:Body><of:formatResponse><marc:record xmlns:marc="http://www.loc.gov/MARC21/slim"><leader>00000ngm a22000000c 4500</leader><controlfield tag="001">870970:28663412</controlfield><controlfield tag="003">DKDLA</controlfield><controlfield tag="005">20110328180537.0</controlfield><controlfield tag="007">vd||s||||</controlfield><controlfield tag="008">110221s2010    sw |||||||||||||||||mul||</controlfield><datafield ind1=" " ind2="0" tag="245"><subfield code="a">Out of Africa</subfield></datafield><datafield ind1=" " ind2=" " tag="260"><subfield code="b">Universal Pictures Nordic,</subfield><subfield code="c">2010</subfield></datafield><datafield ind1="1" ind2=" " tag="700"><subfield code="a">Watkin, David,</subfield><subfield code="d">f. 1925</subfield></datafield><datafield ind1="1" ind2=" " tag="700"><subfield code="a">Blixen, Karen</subfield></datafield><datafield ind1="1" ind2=" " tag="700"><subfield code="a">Luedtke, Kurt</subfield></datafield><datafield ind1="1" ind2=" " tag="700"><subfield code="a">Pollack, Sydney</subfield></datafield></marc:record></of:formatResponse></SOAP-ENV:Body></SOAP-ENV:Envelope>
